%% This BibTeX bibliography file was created using BibDesk.
%% https://bibdesk.sourceforge.io/

%% Created for Jude Asare at 2023-10-01 12:03:01 +0100 


%% Saved with string encoding Unicode (UTF-8) 




@misc{rfc2313,
    series =    {Request for Comments},
    number =    2313,
    howpublished =  {RFC 2313},
    publisher = {RFC Editor},
    doi =       {10.17487/RFC2313},
    url =       {https://www.rfc-editor.org/info/rfc2313},
        author =    {Burt Kaliski},
    title =     {{PKCS \#1: RSA Encryption Version 1.5}},
    pagetotal = 19,
    year =      1998,
    month =     mar,
}


@article{finney2006bleichenbacher,
  title={Bleichenbacher's RSA signature forgery based on implementation error},
  author={Finney, Hal},
  journal={http://www. imc. org/ietf-openpgp/mail-archive/msg14307. html},
  year={2006}
}

@inproceedings{bleichenbacher1998chosen,
  title={Chosen ciphertext attacks against protocols based on the RSA encryption standard PKCS\# 1},
  author={Bleichenbacher, Daniel},
  booktitle={Advances in Cryptology—CRYPTO'98: 18th Annual International Cryptology Conference Santa Barbara, California, USA August 23--27, 1998 Proceedings 18},
  pages={1--12},
  year={1998},
  organization={Springer}
}
@inproceedings{coppersmith1996low,
  title={Low-exponent RSA with related messages},
  author={Coppersmith, Don and Franklin, Matthew and Patarin, Jacques and Reiter, Michael},
  booktitle={International Conference on the Theory and Applications of Cryptographic Techniques},
  pages={1--9},
  year={1996},
  organization={Springer}
}
@inproceedings{coron2000new,
  title={New attacks on PKCS\# 1 v1. 5 encryption},
  author={Coron, Jean-S{\'e}bastien and Joye, Marc and Naccache, David and Paillier, Pascal},
  booktitle={International conference on the theory and applications of cryptographic techniques},
  pages={369--381},
  year={2000},
  organization={Springer}
}
@InProceedings{10.1007/978-3-540-45238-6_33,
author="Kl{\'i}ma, Vlastimil
and Pokorn{\'y}, Ondrej
and Rosa, Tom{\'a}{\v{s}}",
editor="Walter, Colin D.
and Ko{\c{c}}, {\c{C}}etin K.
and Paar, Christof",
title="Attacking RSA-Based Sessions in SSL/TLS",
booktitle="Cryptographic Hardware and Embedded Systems - CHES 2003",
year="2003",
publisher="Springer Berlin Heidelberg",
address="Berlin, Heidelberg",
pages="426--440"
}
@inproceedings{degabriele2012joint,
  title={On the joint security of encryption and signature in EMV},
  author={Degabriele, Jean Paul and Lehmann, Anja and Paterson, Kenneth G and Smart, Nigel P and Strefler, Mario},
  booktitle={Topics in Cryptology--CT-RSA 2012: The Cryptographers’ Track at the RSA Conference 2012, San Francisco, CA, USA, February 27--March 2, 2012. Proceedings},
  pages={116--135},
  year={2012},
  organization={Springer}
}
@inproceedings{bardou2012efficient,
  title={Efficient padding oracle attacks on cryptographic hardware},
  author={Bardou, Romain and Focardi, Riccardo and Kawamoto, Yusuke and Simionato, Lorenzo and Steel, Graham and Tsay, Joe-Kai},
  booktitle={Annual Cryptology Conference},
  pages={608--625},
  year={2012},
  organization={Springer}
}
@inproceedings{meyer2014revisiting,
  title={Revisiting $\{$SSL/TLS$\}$ implementations: New bleichenbacher side channels and attacks},
  author={Meyer, Christopher and Somorovsky, Juraj and Weiss, Eugen and Schwenk, J{\"o}rg and Schinzel, Sebastian and Tews, Erik},
  booktitle={23rd USENIX Security Symposium (USENIX Security 14)},
  pages={733--748},
  year={2014}
}
@inproceedings{zhang2014cross,
  title={Cross-tenant side-channel attacks in PaaS clouds},
  author={Zhang, Yinqian and Juels, Ari and Reiter, Michael K and Ristenpart, Thomas},
  booktitle={Proceedings of the 2014 ACM SIGSAC Conference on Computer and Communications Security},
  pages={990--1003},
  year={2014}
}
@inproceedings{jager2015security,
  title={On the security of TLS 1.3 and QUIC against weaknesses in PKCS\# 1 v1. 5 encryption},
  author={Jager, Tibor and Schwenk, J{\"o}rg and Somorovsky, Juraj},
  booktitle={Proceedings of the 22nd ACM SIGSAC Conference on Computer and Communications Security},
  pages={1185--1196},
  year={2015}
}
@inproceedings{jager2015practical,
  title={Practical invalid curve attacks on TLS-ECDH},
  author={Jager, Tibor and Schwenk, J{\"o}rg and Somorovsky, Juraj},
  booktitle={Computer Security--ESORICS 2015: 20th European Symposium on Research in Computer Security, Vienna, Austria, September 21-25, 2015, Proceedings, Part I 20},
  pages={407--425},
  year={2015},
  organization={Springer}
}
@inproceedings{bock2018return,
  title={Return Of $\{$Bleichenbacher’s$\}$ Oracle Threat ($\{$$\{$$\{$$\{$$\{$ROBOT$\}$$\}$$\}$$\}$$\}$)},
  author={B{\"o}ck, Hanno and Somorovsky, Juraj and Young, Craig},
  booktitle={27th USENIX Security Symposium (USENIX Security 18)},
  pages={817--849},
  year={2018}
}
@article{kuhn2008variants,
  title={Variants of Bleichenbacher’s low-exponent attack on PKCS\# 1 RSA signatures},
  author={K{\"u}hn, Ulrich and Pyshkin, Andrei and Tews, Erik and Weinmann, Ralf-Philipp},
  journal={SICHERHEIT 2008--Sicherheit, Schutz und Zuverlässigkeit. Beiträge der 4. Jahrestagung des Fachbereichs Sicherheit der Gesellschaft für Informatik eV (GI)},
  year={2008},
  publisher={Gesellschaft f{\"u}r Informatik e. V.}
}

@online{cve-2006-4790,
    author = {{MITRE Corporation}},
    year = {2006},
    title = {CVE-2006-4790},
    url = {https://cve.mitre.org/cgi-bin/cvename.cgi?name=CVE-2006-4790},
}
@online{cve-2006-4340,
    author = {{MITRE Corporation}},
    year = {2006},
    title = {CVE-2006-4340},
    url = {https://cve.mitre.org/cgi-bin/cvename.cgi?name=CVE-2006-4340},
}

@online{bugzilla-1064636,
    author = {{Bugzilla}},
    year = {2014},
    title = {RSA PKCS\#1 signature verification forgery is possible due to too-permissive SignatureAlgorithm parameter parsing},
    url = {https://bugzilla.mozilla.org/show_bug.cgi?id=1064636},
}

@online{intel-berserk-vulnerability,
    author = {{Intel Security: Advanced Threat Research}},
    year = {2014},
    title = {BERserk Vulnerability – Part 2: Certificate Forgery in Mozilla NSS},
    url = {https://bugzilla.mozilla.org/attachment.cgi?id=8499825},
}
@online{josefsson-signature-forgery,
    author = {S. Josefsson},
    year = {2006},
    title = {[gnutls-dev] Original analysis of signature forgery problem},
    url = {https://lists.gnupg.org/pipermail/gnutls-dev/2006-September/001240.html},
}

@online{valsorda-bleichenbacher-forgery,
    author = {F. Valsorda},
    year = {2016},
    title = {Bleichenbacher’06 signature forgery in python-rsa},
    url = {https://blog.filippo.io/bleichenbacher-06-signature-forgery-in-python-rsa/},
}

@inproceedings{bellare1996exact,
  title={The exact security of digital signatures-How to sign with RSA and Rabin},
  author={Bellare, Mihir and Rogaway, Phillip},
  booktitle={International conference on the theory and applications of cryptographic techniques},
  pages={399--416},
  year={1996},
  organization={Springer}
}

@article{jonsson2001security,
  title={Security proofs for the RSA-PSS signature scheme and its variants},
  author={Jonsson, Jakob},
  journal={Cryptology ePrint Archive},
  year={2001}
}

@inproceedings{jager2018security,
  title={On the security of the PKCS\# 1 v1. 5 signature scheme},
  author={Jager, Tibor and Kakvi, Saqib A and May, Alexander},
  booktitle={Proceedings of the 2018 ACM SIGSAC Conference on Computer and Communications Security},
  pages={1195--1208},
  year={2018}
}

@techreport{jonsson2003public,
  title={Public-key cryptography standards (PKCS)\# 1: RSA cryptography specifications version 2.1},
  author={Jonsson, Jakob and Kaliski, Burt},
  year={2003}
}
@misc{rfc3447,
    series =    {Request for Comments},
    number =    3447,
    howpublished =  {RFC 3447},
    publisher = {RFC Editor},
    doi =       {10.17487/RFC3447},
    url =       {https://www.rfc-editor.org/info/rfc3447},
        author =    {Jakob Jonsson and Burt Kaliski},
    title =     {{Public-Key Cryptography Standards (PKCS) \#1: RSA Cryptography Specifications Version 2.1}},
    pagetotal = 72,
    year =      2003,
    month =     feb,
}


@inproceedings{coron2002security,
  title={Security proof for partial-domain hash signature schemes},
  author={Coron, Jean-S{\'e}bastien},
  booktitle={Advances in Cryptology—CRYPTO 2002: 22nd Annual International Cryptology Conference Santa Barbara, California, USA, August 18--22, 2002 Proceedings 22},
  pages={613--626},
  year={2002},
  organization={Springer}
}

@article{kakvi2018optimal,
  title={Optimal security proofs for full domain hash, revisited},
  author={Kakvi, Saqib A and Kiltz, Eike},
  journal={Journal of Cryptology},
  volume={31},
  pages={276--306},
  year={2018},
  publisher={Springer}
}

@techreport{schaad2005additional,
  title={Additional algorithms and identifiers for RSA cryptography for use in the internet X. 509 public key infrastructure certificate and certificate revocation list (CRL) profile},
  author={Schaad, Jim and Kaliski, Burt and Housley, Russ},
  year={2005}
}

@inproceedings{ateniese2015subversion,
  title={Subversion-resilient signature schemes},
  author={Ateniese, Giuseppe and Magri, Bernardo and Venturi, Daniele},
  booktitle={Proceedings of the 22nd ACM SIGSAC Conference on Computer and Communications Security},
  pages={364--375},
  year={2015}
}
@misc{rfc8017,
    series =    {Request for Comments},
    number =    8017,
    howpublished =  {RFC 8017},
    publisher = {RFC Editor},
    doi =       {10.17487/RFC8017},
    url =       {https://www.rfc-editor.org/info/rfc8017},
        author =    {Kathleen Moriarty and Burt Kaliski and Jakob Jonsson and Andreas Rusch},
    title =     {{PKCS \#1: RSA Cryptography Specifications Version 2.2}},
    pagetotal = 78,
    year =      2016,
    month =     nov,
}


@InProceedings{10.1007/3-540-48405-1_1,
author="Coron, Jean-S{\'e}bastien
and Naccache, David
and Stern, Julien P.",
editor="Wiener, Michael",
title="On the Security of RSA Padding",
booktitle="Advances in Cryptology --- CRYPTO' 99",
year="1999",
publisher="Springer Berlin Heidelberg",
address="Berlin, Heidelberg",
pages="1--18",
}

@article{coppersmith1999iso,
  title={ISO 9796-1 and the new forgery strategy},
  author={Coppersmith, Don and Halevi, Shai and Jutla, Charanjit},
  journal={rump session of Crypto},
  volume={99},
  year={1999}
}




@online{CVE-2006-4339,
    author = {{MITRE Corporation}},
    year = {2006},
    title = {CVE-2006-4339},
    url = {https://cve.mitre.org/cgi-bin/cvename.cgi?name=CVE-2006-4339},
}

@InProceedings{10.1007/3-540-48071-4_31,
author="Bellare, Mihir
and Yung, Moti",
editor="Brickell, Ernest F.",
title="Certifying Cryptographic Tools: The Case of Trapdoor Permutations",
booktitle="Advances in Cryptology --- CRYPTO' 92",
year="1993",
publisher="Springer Berlin Heidelberg",
address="Berlin, Heidelberg",
pages="442--460"
}

@article{bellare1996certifying,
  title={Certifying permutations: Noninteractive zero-knowledge based on any trapdoor permutation},
  author={Bellare, Mihir and Yung, Moti},
  journal={Journal of Cryptology},
  volume={9},
  pages={149--166},
  year={1996},
  publisher={Springer}
}
@InProceedings{10.1007/978-3-642-34961-4_25,
author="Kakvi, Saqib A.
and Kiltz, Eike
and May, Alexander",
editor="Wang, Xiaoyun
and Sako, Kazue",
title="Certifying RSA",
booktitle="Advances in Cryptology -- ASIACRYPT 2012",
year="2012",
publisher="Springer Berlin Heidelberg",
address="Berlin, Heidelberg",
pages="404--414"
}
@article{10.1145/147508.147537,
author = {Bellare, Mihir and Micali, Silvio},
title = {How to Sign given Any Trapdoor Permutation},
year = {1992},
issue_date = {Jan. 1992},
publisher = {Association for Computing Machinery},
address = {New York, NY, USA},
volume = {39},
number = {1},
issn = {0004-5411},
url = {https://doi.org/10.1145/147508.147537},
doi = {10.1145/147508.147537},
abstract = {A digital signature scheme is presented, which is based on the existence of any trapdoor permutation. The scheme is secure in the strongest possible natural sense: namely, it is secure against existential forgery under adaptive chosen message attack.},
journal = {J. ACM},
month = {1},
pages = {214–233},
numpages = {20},
keywords = {trapdoor functions, cryptography, digital signatures, randomness}
}


@inproceedings{10.1145/1374376.1374406,
author = {Peikert, Chris and Waters, Brent},
title = {Lossy Trapdoor Functions and Their Applications},
year = {2008},
isbn = {9781605580470},
publisher = {Association for Computing Machinery},
address = {New York, NY, USA},
url = {https://doi.org/10.1145/1374376.1374406},
doi = {10.1145/1374376.1374406},
abstract = {We propose a new general primitive called lossy trapdoor functions (lossy TDFs), and realize it under a variety of different number theoretic assumptions, including hardness of the decisional Diffie-Hellman (DDH) problem and the worst-case hardness of lattice problems.Using lossy TDFs, we develop a new approach for constructing several important cryptographic primitives, including (injective) trapdoor functions, collision-resistant hash functions, oblivious transfer, and chosen ciphertext-secure cryptosystems. All of the constructions are simple, efficient, and black-box.These results resolve some long-standing open problems in cryptography. They give the first known injective trapdoor functions based on problems not directly related to integer factorization, and provide the first known CCA-secure cryptosystem based solely on the worst-case complexity of lattice problems.},
booktitle = {Proceedings of the Fortieth Annual ACM Symposium on Theory of Computing},
pages = {187–196},
numpages = {10},
keywords = {public key encryption, trapdoor functions},
location = {Victoria, British Columbia, Canada},
series = {STOC '08}
}
@InProceedings{10.1007/3-540-46035-7_18,
author="Coron, Jean-S{\'e}bastien",
editor="Knudsen, Lars R.",
title="Optimal Security Proofs for PSS and Other Signature Schemes",
booktitle="Advances in Cryptology --- EUROCRYPT 2002",
year="2002",
publisher="Springer Berlin Heidelberg",
address="Berlin, Heidelberg",
pages="272--287"
}
@InProceedings{10.1007/3-540-48910-X_28,
author="Cachin, Christian
and Micali, Silvio
and Stadler, Markus",
editor="Stern, Jacques",
title="Computationally Private Information Retrieval with Polylogarithmic Communication",
booktitle="Advances in Cryptology --- EUROCRYPT '99",
year="1999",
publisher="Springer Berlin Heidelberg",
address="Berlin, Heidelberg",
pages="402--414"
}

@InProceedings{10.1007/978-3-540-24676-3_5,
author="Lysyanskaya, Anna
and Micali, Silvio
and Reyzin, Leonid
and Shacham, Hovav",
editor="Cachin, Christian
and Camenisch, Jan L.",
title="Sequential Aggregate Signatures from Trapdoor Permutations",
booktitle="Advances in Cryptology - EUROCRYPT 2004",
year="2004",
publisher="Springer Berlin Heidelberg",
address="Berlin, Heidelberg",
pages="74--90"
}
@article{coppersmith1997small,
  title={Small solutions to polynomial equations, and low exponent RSA vulnerabilities},
  author={Coppersmith, Don},
  journal={Journal of cryptology},
  volume={10},
  number={4},
  pages={233--260},
  year={1997},
  publisher={Springer}
}

@article{coron2016practical,
  title={Practical Cryptanalysis of ISO 9796-2 and EMV Signatures},
  author={Coron, Jean-S{\'e}bastien and Naccache, David and Tibouchi, Mehdi and Weinmann, Ralf-Philipp},
  journal={Journal of Cryptology},
  volume={29},
  pages={632--656},
  year={2016},
  publisher={Springer}
}



@misc{rfc2437,
    series =    {Request for Comments},
    number =    2437,
    howpublished =  {RFC 2437},
    publisher = {RFC Editor},
    doi =       {10.17487/RFC2437},
    url =       {https://www.rfc-editor.org/info/rfc2437},
        author =    {Burt Kaliski and Jessica Staddon},
    title =     {{PKCS \#1: RSA Cryptography Specifications Version 2.0}},
    pagetotal = 39,
    year =      1998,
    month =     oct,
    abstract =  {This memo is the successor to RFC 2313. This document provides recommendations for the implementation of public-key cryptography based on the RSA algorithm. This memo provides information for the Internet community.},
}

@inproceedings{10.1145/168588.168596,
author = {Bellare, Mihir and Rogaway, Phillip},
title = {Random Oracles Are Practical: A Paradigm for Designing Efficient Protocols},
year = {1993},
isbn = {0897916298},
publisher = {Association for Computing Machinery},
address = {New York, NY, USA},
url = {https://doi.org/10.1145/168588.168596},
doi = {10.1145/168588.168596},
abstract = {We argue that the random oracle model—where all parties have access to a public random oracle—provides a bridge between cryptographic theory and cryptographic practice. In the paradigm we suggest, a practical protocol P is produced by first devising and proving correct a protocol PR for the random oracle model, and then replacing oracle accesses by the computation of an “appropriately chosen” function h. This paradigm yields protocols much more efficient than standard ones while retaining many of the advantages of provable security. We illustrate these gains for problems including encryption, signatures, and zero-knowledge proofs.},
booktitle = {Proceedings of the 1st ACM Conference on Computer and Communications Security},
pages = {62–73},
numpages = {12},
location = {Fairfax, Virginia, USA},
series = {CCS '93}
}
@InProceedings{10.1007/978-3-030-64357-7_5,
author="Kakvi, Saqib A.",
editor="van der Merwe, Thyla
and Mitchell, Chris
and Mehrnezhad, Maryam",
title="SoK: Comparison of the Security of Real World RSA Hash-and-Sign Signatures",
booktitle="Security Standardisation Research",
year="2020",
publisher="Springer International Publishing",
address="Cham",
pages="91--113",
isbn="978-3-030-64357-7"
}

@article{10.1145/359340.359342,
author = {Rivest, R. L. and Shamir, A. and Adleman, L.},
title = {A Method for Obtaining Digital Signatures and Public-Key Cryptosystems},
year = {1978},
issue_date = {Feb. 1978},
publisher = {Association for Computing Machinery},
address = {New York, NY, USA},
volume = {21},
number = {2},
issn = {0001-0782},
url = {https://doi.org/10.1145/359340.359342},
doi = {10.1145/359340.359342},
journal = {Commun. ACM},
month = {2},
pages = {120–126},
numpages = {7},
keywords = {security, privacy, authentication, message-passing, public-key cryptosystems, electronic mail, cryptography, prime number, digital signatures, factorization, electronic funds transfer}
}
@Book{ISO/2010/9796-2-2010,
  author =       "{ISO\slash IEC}",
  title =        {{ISO\slash IEC 9796-2:2010}: Information technology -- Security techniques -- Digital signature schemes giving message recovery -- Part 2: Integer factorization based mechanisms},
  publisher =    {International Organization for Standardization\slash International Electrotechnical Commission},
  address =      {Geneva, CH},
  pages =        {54},
  month =        {12},
  year =         {2010},
  ISBN-13 =      {9780580700057},
  price =        {CHF 187},
  URL =          {https://www.iso.org/standard/54788.html},
}
@Book{ANSI-1998-X9-31,
  author =       "{ANSI}",
  title =        {{ANSI X9.31:1998}: Digital Signatures Using Reversible Public Key Cryptography for the Financial Services Industry (RDSA)},
  publisher =    {Accredited Standards Committee/X9},
  address =      {Washington, DC, USA},
  pages =        {66},
  month =        {9},
  year =         {1998},
  URL =          {https://global.ihs.com/doc_detail.cfm?item_s_key=00326003&item_key_date=011231&rid=GS},
}
